4122 5272
424 507 456 598 a
539 441 998 600 strenuam
1075 507 1642 607 acaneuuoun

429 701 588 798 Regibus
600 683 880 777 committebatur
893 703 1100 782 Ducibus&
1120 707 1331 790 Comitibus.
1348 713 1466 791 Duces
1484 713 1779 818 plerumque'nra-
1838 779 1842 788 -

428 858 497 953 jori
519 856 697 930 territorio
723 854 1027 948 praeficiebantur,
1053 855 1152 950 cujus
1175 861 1329 955 partibus
1354 865 1478 939 iterum
1499 891 1678 964 praeerant
1705 875 1780 948 Co·

424 1009 551 1096 mites,
577 1025 649 1076 non
673 1022 791 1107 tamen,
802 1005 954 1100 semper3
972 1007 1073 1083 multi
1086 1014 1177 1086 enim
1195 1036 1383 1090 occurrunt
1399 1018 1581 1117 Comites,
1597 1025 1658 1121 qui
1672 1025 1781 1099 Duci-

428 1158 495 1228 bus
514 1170 586 1220 non
600 1144 779 1237 suberant,
804 1146 842 1223 bt
859 1150 1014 1242 exprelle
1031 1155 1126 1246 apud
1140 1153 1449 1252 ,autoretatem
1465 1167 1611 1261 dicitur,
1636 1175 1785 1267 exceptis

433 1289 623 1372 comitibus
640 1282 806 1382 plurimis
821 1289 884 1381 qui
897 1285 1030 1359 Ducem
1038 1285 1194 1386 superse
1205 1315 1269 1362 non
1286 1292 1456 1365 habebant
1475 1295 1568 1394 (a).
1597 1299 1781 1373 Comitum

424 1464 543 1520 autem
556 1459 685 1514 munus
711 1435 771 1509 tub
792 1435 935 1512 Francis
955 1439 1049 1514 ineo
1074 1444 1283 1538 potiffimum
1302 1449 1516 1542 conlistebat,
1548 1465 1588 1521 ut
1608 1449 1645 1522 in
1661 1445 1787 1542 pagis,

424 1601 560 1700 qulbus
575 1593 907 1691 P12e90fi15·effsssstr
928 1598 1070 1676 nomine
1101 1599 1240 1696 Regum
1259 1601 1502 1693 jusdirerent.
1526 1603 1713 1678 secundum
1739 1601 1786 1672 le·

427 1769 492 1847 ges
510 1745 682 1837 cujusque
700 1740 784 1833 pagi
801 1737 981 1831 proprias,
1007 1739 1096 1812 iisve
1118 1741 1312 1830 filentibus,
1332 1747 1521 1828 secundum
1531 1747 1671 1860 Regum
1679 1744 1786 1840 Capi·

428 1902 577 1984 tularia:
607 1895 781 1988 eleganter
797 1887 951 1982 ipsorum
968 1911 1095 1964 munus
1116 1893 1322 1978 describitur
1333 1897 1508 1972 Marculfo
1522 1949 1549 1987 ‚,
1573 1897 1674 1993 Ergo
1694 1897 1782 1975 dum
1839 1985 1843 1990 Ν,

427 2069 469 2152 ,·,‚
484 2051 522 2125 &
545 2043 652 2118 fidem
674 2038 719 2142 ὃς
747 2034 928 2108 utilitatem
966 2049 1061 2106 tuam
1094 2034 1252 2108 videmur
1279 2035 1404 2110 habere
1433 2056 1670 2132 compertam,
1703 2036 1787 2110 ideo

423 2249 458 2295 ,η
484 2193 548 2274 tibi
575 2187 747 2264 abbionem
768 2179 968 2254 Comitatus
987 2178 1022 2250 in
1041 2201 1135 2275 pago
1151 2180 1211 2253 illo
1229 2203 1332 2276 quern
1353 2187 1538 2262 anteceffor
1556 2207 1639 2260 tuus
1656 2187 1715 2260 ille
1732 2207 1789 2260 us·

357 2351 358 2357 ‘
422 2401 455 2444 Ἦ
481 2363 551 2440 que
571 2356 666 2410 nunc
693 2328 787 2404 visus
819 2323 982 2431 estegille
1005 2322 1137 2430 tibiad
1154 2329 1333 2422 agendum
1355 2331 1615 2426 regendumque
1644 2331 1789 2403 conmi-

421 2503 462 2602 .'„
485 2467 685 2586 fimus,ita
714 2503 756 2558 ut
778 2484 910 2576 semper
939 2501 1020 2576 erga
1043 2481 1214 2575 regimine
1230 2483 1348 2556 nostro
1368 2483 1472 2558 fidem
1497 2485 1656 2558 illibatam
1676 2485 1791 2558 custo·
1822 2543 1827 2550 .

422 2697 463 2753 ·„
487 2649 565 2724 dias¹
583 2640 621 2714 de
638 2632 751 2710 omnis
767 2625 924 2722 populus
940 2622 1071 2697 ibidem
1087 2645 1340 2702 commanentes
1367 2647 1435 2704 tam
1452 2633 1593 2725 Franci,
1620 2633 1794 2727 Romani,

426 2834 465 2875 .„
489 2774 790 2871 Burgundiones,
817 2787 920 2863 quam
951 2767 1107 2868 reliquas,
1116 2776 1273 2850 nationes
1295 2779 1355 2870 sub
1379 2799 1443 2857 tuo
1468 2783 1635 2877 regimine
1658 2783 1700 2858 be
1729 2805 1795 2880 gu-

426 2987 464 3032 „
488 2925 691 3006 bernarione
721 2918 902 3016 degant&
917 2917 1162 3011 moderentur,
1191 2920 1228 2996 bt
1248 2943 1310 2994 eos
1329 2921 1427 2996 retro
1449 2921 1583 2993 transite
1599 2917 1796 2994 secundum

437 3084 602 3183 „legem
620 3079 659 3152 ὅ(
686 3067 975 3146 consuetudinem
995 3090 1115 3142 eorum
1131 3091 1253 3166 regas,
1278 3069 1449 3143 viduis&
1470 3069 1611 3164 pupillis
1629 3067 1796 3142 defensor

435 3249 675 3334 „appareas,
701 3227 875 3298 latronum
900 3222 938 3294 ὅ(
957 3219 1219 3306 malefattorum
1233 3217 1354 3288 seelera
1373 3239 1391 3286 a
1407 3233 1442 3286 te
1460 3215 1661 3287 severiffime
1683 3213 1794 3306 repri-

435 3384 641 3469 „mantum
666 3375 707 3428 ut
724 3353 851 3448 populi
864 3353 955 3424 bene
976 3352 1161 3439 viventes,
1182 3349 1243 3421 sub
1259 3366 1322 3420 tuo
1342 3350 1507 3444 regimine
1521 3329 1714 3448 gaudentes
1737 3357 1798 3428 de-

435 3516 594 3611 „beant
615 3504 805 3580 confistere
814 3502 963 3596 quieti''.
989 3501 1036 3594 (b
1044 3500 1065 3594 )
1114 3497 1250 3570 Praeter
1271 3495 1447 3587 hocjuris
1458 3501 1595 3578 dicendi
1622 3503 1800 3596 officium,

437 3665 600 3742 Comites
626 3659 728 3752 etjam
743 3655 801 3742 ¹rei
826 3650 983 3746 militaris
1002 3627 1126 3748 ,curan-1
1158 3645 1327 3752 habebant
1344 3698 1358 3734 ‚
1375 3647 1795 3764 ,saepiusque-'exercitus

436 3819 561 3882 contra
577 3798 695 3878 hostes
714 3794 847 3870 duxilie
873 3793 1044 3890 tegimus3
1066 3790 1113 3862 ita
1129 3789 1237 3864 Poeta
1252 3791 1343 3866 Saxo
1360 3793 1403 3867 de
1418 3794 1523 3903 ¹gestis
1546 3794 1668 3873 Caroli
1685 3799 1741 3874 M.

1693 3999 1795 4076 Tunc

444 4176 448 4188 ι
967 4181 972 4188 ,
1035 4183 1039 4190 ,
1082 4183 1089 4192 Ι
1146 4187 1150 4194 Ι
1246 4191 1251 4198 Ι

1464 4205 1472 4214 ι
1580 4207 1617 4218 ι..
1643 4207 1683 4220 ρ..
1785 4217 1789 4224 ι

1084 4327 1087 4335 ι
1404 4327 1407 4336 ,
1533 4333 1538 4342 .

419 4431 423 4436 -
474 4367 815 4477 (orrea-errore.
838 4389 1140 4468 capmxxunar
1184 4421 1194 4442 a·
1305 4421 1356 4456 ‚a

475 4476 546 4572 (lt)
570 4475 769 4539 Formularutu
789 4473 827 4536 L.
851 4475 878 4535 1.
903 4475 975 4554 Cap.
1001 4479 1089 4537 Vlll.
