4122 5272
361 511 395 524 ff
534 493 1322 624 runuounune
1557 513 1737 608 m.,

250 701 483 796 ltiafaceret,
501 700 540 774 in
555 721 646 796 quae
664 697 862 776 Hollandoa
875 699 980 776 etiam
994 695 1197 784 immiscuit,
1219 693 1282 771 sub
1299 715 1345 771 eo
1363 714 1509 795 quoque
1526 715 1608 796 'per-

257 861 316 920 tua
331 841 450 917 militia
462 837 679 934 stipendiaria
695 836 751 912 his
762 836 798 912 in
817 838 1041 936 regionibus,
1055 835 1233 910 introduci
1257 838 1397 933 coepit,
1423 840 1517 914 unde
1533 844 1606 937 pri·
1627 905 1636 926 .

251 1013 330 1068 raus
357 1013 502 1089 quoque
523 989 724 1086 impetrauit
744 989 953 1087 stipendium
978 991 1075 1064 8000
1094 987 1266 1084 Equitum
1284 990 1346 1085 qui
1371 989 1457 1064 fines
1484 1009 1604 1067 contra

257 1141 381 1218 Gallos
394 1157 572 1218 tuerentur
585 1141 629 1238 (a
642 1142 682 1236 )‚
700 1139 899 1235 posteasub
918 1138 1037 1212 ultima
1046 1137 1152 1232 stirpe
1164 1159 1236 1213 non
1251 1137 1451 1212 imminutae
1466 1139 1609 1216 fuorunt
1676 1219 1684 1230 ,

254 1291 446 1386 Precariae„
472 1293 530 1368 sed
544 1289 691 1384 majores
708 1292 747 1366 ὅ(
769 1288 1026 1386 frequentiores
1047 1285 1248 1380 evaserunt,
1270 1274 1605 1394 namcungstabili-
1733 1243 1798 1402 Χῖ
1921 1394 1925 1406 .

260 1467 295 1525 ta
317 1451 416 1527 semul
439 1449 645 1524 mercenaria
666 1448 806 1536 militia,
832 1447 929 1524 cause
953 1451 1098 1546 petendi
1122 1449 1214 1528 faeta
1231 1451 1310 1526 esset
1324 1468 1515 1546 perpetua,
1541 1471 1601 1525 ne·

140 1629 143 1634 ·
253 1598 338 1676 resse
353 1599 423 1674 fuit
442 1616 481 1674 ut
502 1621 548 1672 err
568 1595 848 1672 extraordinariis
872 1599 993 1693 quales
1014 1615 1117 1673 antea
1136 1597 1274 1674 fuerant
1299 1597 1486 1693 Precariis,
1510 1598 1602 1674 orel

253 1746 422 1822 aeriarum
438 1743 737 1820 coneibutionum
752 1743 900 1818 formam
917 1745 1123 1836 induerent3
1148 1746 1231 1819 hinc
1254 1748 1458 1842 regulariter
1475 1750 1604 1842 petita:

253 1904 353 1982 iuiffe
374 1905 480 1977 docet
495 1901 653 1976 historia:
676 1919 788 1996 quare
801 1899 847 1972 rle
868 1897 938 1972 illis
952 1896 1041 1970 nihil
1060 1896 1174 1985 addo,
1198 1897 1237 1974 δι
1259 1899 1447 1975 nutiliiraae
1471 1873 1617 1998 cuique¹

248 2057 329 2136 sunt
349 2059 521 2134 Precariae
548 2053 606 2136 vel
621 2053 742 2150 potius
758 2047 907 2124 inormia
921 2043 978 2119 illa
997 2045 1126 2119 tributa
1144 2045 1345 2143 aPhr'lippo
1361 2047 1510 2146 ejusque
1530 2049 1604 2149 Ty-
1699 2100 1707 2123 .

248 2199 405 2276 rannidia
421 2199 580 2278 consorte
596 2199 700 2276 Duce
715 2192 873 2290 Alban0,
909 2219 929 2271 a
958 2195 1104 2289 subditis
1126 2196 1247 2278 erana
1271 2199 1359 2298 (b).

754 2491 1015 2588 ‚atu

296 2794 356 2872 Ex
375 2815 449 2892 quo
470 2815 558 2870 vero
579 2791 867 2871 extraordinariae
888 2793 966 2866 illae
986 2791 1160 2869 Precariae
1184 2793 1224 2870 in
1245 2793 1432 2876 ordinarias
1451 2815 1605 2878 mutatae

252 2935 418 3028 inerunt,
443 2935 615 3010 Precrriae
629 2936 756 3010 iterum
774 2935 811 3008 in
832 2931 1020 3008 ordinarias
1039 2931 1078 3008 ir
1097 2933 1386 3008 extraordinarias
1408 2933 1602 3032 dispescun-

249 3083 326 3144 tun
350 3089 414 3164 per
436 3067 572 3162 priores
594 3065 713 3163 itaque
734 3067 883 3162 intelligi
915 3065 1063 3160 debent,
1087 3066 1145 3142 illa
1189 3064 1332 3142 salona
1355 3085 1443 3160 quae
1464 3065 1508 3140 ad
1533 3067 1605 3138 cer-¹

253 3233 329 3294 tum
352 3215 538 3310 quemdam
563 3234 732 3288 annorum
755 3201 938 3286 numerum
959 3229 1103 3308 erogata
1124 3217 1163 3292 ot
1186 3214 1358 3304 concessa,
1383 3211 1484 3327 lolito
1505 3231 1604 3288 more

253 3383 318 3462 per
339 3358 472 3454 lingula
506 3355 676 3432 semestria
703 3353 944 3446 solvebantur,
976 3376 1041 3448 per
1063 3353 1272 3448 posteriores
1294 3376 1403 3448 vero,
1427 3356 1484 3430 illa
1511 3379 1601 3456 quae

255 3465 401 3595 durante
417 3504 593 3582 ordinario
609 3501 840 3608 Precatiarum
856 3497 980 3595 cursu,
1005 3500 1041 3574 in
1058 3501 1187 3596 calibua
1206 3523 1251 3576 ex
1274 3501 1465 3597 inproviso
1483 3507 1603 3587 subur.

256 3663 302 3742 tis
320 3683 384 3738 nec
399 3657 760 3752 moramferentiuus,
788 3679 808 3732 a
828 3653 1030 3732 Comitibus
1052 3671 1112 3729 aut
1124 3653 1608 3756 Gubernatorerogabarrtur.‚

256 3813 614 3902 Extraordirnriarum
639 3786 763 3888 irarum
786 3812 997 3910 petitionum
1021 3810 1179 3906 exanpla
1203 3813 1370 3896 nonnulla
1390 3827 1604 3906 occurrunt,'

1503 3987 1603 4062 prae·
1642 4013 1659 4026 -·

241 4321 1015 4490 „2:0)Surrrcr.ruaaaenliallnulp.5150.

320 4404 471 4489 l)B·on
493 4409 602 4512 Θήρῃ.
625 4409 674 4472 der
699 4412 815 4476 Nederl.
836 4406 1053 4480 ramme
1077 4409 1117 4473 V.
1140 4405 1198 4491 fal.
1230 4421 1305 4471 202
1319 4401 1380 4491 sil
1401 4401 1613 4484 &wear-j

249 4486 631 4574 tolerabiliorem
657 4491 733 4558 Tua.
762 4495 822 4570 Ν
1090 4545 1094 4552 .
1274 4551 1279 4562 .

1044 4621 1087 4725 Κ
