4122 5272
594 491 1433 612 IRAUGURALE„
1608 523 1696 608 13¹

295 717 438 790 quinti.
489 699 559 774 Alii
575 716 694 792 contra
709 699 860 772 statuunt
876 699 988 772 omnia
1005 697 1097 772 bello
1110 661 1279 793 quaesita,
1307 697 1409 771 fuisse
1429 698 1647 786 communia,

236 807 239 812 A
295 845 539 940 populumque
559 841 652 936 Regi
670 842 837 935 quaedam
855 841 1060 942 adsignasse,
1080 842 1173 914 unde
1190 840 1222 913 se
1241 839 1404 936 suamque
1417 840 1581 916 familiam
1599 841 1647 916 se·

293 989 450 1070 cundum
461 987 676 1084 dignitatem,
692 985 809 1080 posset
817 983 998 1058 sustentare
1007 1035 1020 1071 ‚
1040 987 1196 1080 adeoque
1210 984 1408 1059 facultatem
1417 987 1461 1058 de
1477 987 1519 1059 iis
1537 985 1651 1082 dispo

215 1186 219 1202 ·
297 1139 403 1210 nendi
420 1141 550 1232 absque
564 1135 688 1230 populi
704 1133 890 1224 consensu,
904 1133 1063 1230 Regibus
1085 1135 1268 1230 denegant.
1293 1135 1504 1228 Abuttaque
1520 1132 1653 1228 senten-

145 1389 153 1398 .
202 1371 203 1374 Ἴ
293 1279 342 1362 tia
361 1281 533 1354 dissentire
548 1280 668 1371 liceat3
692 1297 862 1374 quantum
885 1278 975 1350 enim
1003 1281 1048 1352 ad
1068 1279 1233 1374 primam,
1258 1279 1390 1354 constat
1414 1281 1569 1355 Francos
1587 1277 1647 1352 sua

184 1533 189 1540 ι
292 1435 474 1530 possedisse
496 1435 620 1510 allodia
640 1436 677 1512 dt
700 1437 852 1510 dominia
880 1437 922 1509 ab
948 1437 1043 1510 omni
1062 1433 1163 1508 censu
1180 1435 1238 1509 vel
1259 1437 1392 1510 tributo
1412 1434 1530 1531 (haec
1555 1435 1647 1508 enirn

180 1605 184 1613 ·
293 1586 394 1680 saepe
410 1573 699 1683 confunduntur)
715 1588 900 1675 immunia,
919 1590 1072 1686 ipsisque
1082 1591 1163 1666 inde
1171 1591 1428 1684 Funucouuns
1439 1613 1568 1666 nomen
1587 1591 1644 1663 da·
1689 1683 1693 1689 Ι

293 1758 370 1820 tum
394 1736 493 1810 fuisse
505 1693 712 1828 plerumque
729 1737 908 1822 statuitu13
931 1757 1055 1808 vetum
1069 1697 1246 1826 praeterea
1262 1762 1394 1810 certum
1410 1761 1555 1834 quoque
1575 1737 1623 1810 est
1631 1787 1646 1824 ‚
1668 1811 1671 1817 s

293 1887 432 1964 censum
452 1907 559 1962 noua
585 1885 746 1978 Francis,
778 1905 900 1958 verum
916 1883 1054 1958 aservis
1065 1937 1079 1976 ,
1107 1883 1165 1958 seu
1192 1884 1412 1980 adscriptitiis
1429 1887 1528 1961 fuisse
1547 1910 1644 1964 exae-

294 2037 420 2128 dium,
440 2035 596 2127 utipatet
616 2057 660 2108 ex
681 2021 906 2107 Maacuiuo
931 2029 1032 2102 Liar.
1057 2029 1087 2102 I.
1103 2030 1248 2125 fhrmul.
1274 2032 1350 2104 IX,
1364 2031 1406 2110 s?
1426 2039 1531 2132 capit.
1557 2041 1641 2132 789,

290 2157 522 2291 pristinaeque
537 2187 697 2260 libertati
712 2185 852 2258 donatos
865 2179 908 2258 ἔθ’
932 2185 1024 2254 omni
1048 2184 1145 2254 nobit
1165 2184 1273 2254 debito
1298 2183 1466 2277 censensu,
1491 2183 1641 2279 stabitur,-

134 2339 138 2346 ’
170 2317 172 2320 ’
291 2364 354 2440 per
376 2333 667 2412 manumissionem
681 2331 788 2427 igitur
822 2305 926 2402 etiam
953 2328 1105 2404 exemtio
1137 2328 1347 2403 tributorum
1376 2326 1643 2424 adquirebam

293 2483 450 2584 Ingenui
464 2503 550 2578 ergo
564 2477 621 2552 illa
635 2497 708 2550 non
732 2474 921 2551 solvebant.

294 2689 302 2700 -
339 2642 518 2742 Quantum
535 2637 578 2710 ad
605 2635 747 2708 alteram
761 2630 984 2718 sententiam,
1010 2623 1119 2728 qusint
1148 2626 1354 2709 confessario
1379 2634 1460 2707 inde
1489 2632 1645 2729 legitime

288 2793 497 2898 profluentia
513 2809 651 2864 omnem
666 2785 860 2860 historicam
878 2786 984 2860 sidem
1000 2786 1141 2882 penitus
1162 2803 1348 2874 evertunt,
1373 2785 1508 2858 admitti
1523 2804 1561 2854 ea
1585 2801 1647 2852 ne-

292 2948 370 3046 quit
379 2971 390 3037 3
417 2946 440 3018 st
470 2943 560 3016 enim
588 2942 744 3037 populus
776 2941 934 3038 Regibus
964 2942 1132 3037 quaedam
1154 2957 1291 3021 tantum
1320 2940 1412 3012 bona
1440 2931 1640 3031 assignasset
1677 3005 1687 3024 ,

199 3125 210 3136 ‘
290 3104 335 3173 ad
350 3098 553 3192 dignitatem
566 3097 658 3172 suam
680 3097 955 3182 sustentandam,
992 3071 1182 3189 numquam
1209 3091 1327 3187 Reges
1349 3089 1435 3162 haee
1458 3089 1549 3161 bona
1577 3083 1647 3156 im«
1765 3140 1768 3147 .
1861 3127 1866 3137 .

290 3247 446 3322 minuere
471 3231 696 3332 potuiss'ent'3'
710 3251 745 3302 ds
759 3253 848 3302 Vm)
865 3240 1018 3300 vidimus
1038 3237 1153 3318 Reges
1174 3237 1217 3308 de
1234 3220 1341 3306 bonis¹
1353 3254 1418 3326 pro
1439 3231 1548 3303 lubitu
1571 3225 1640 3298 dig.

289 3385 461 3492 posuilse,
486 3401 525 3455 ea
540 3373 784 3459 commutasse,
802 3369 837 3441 in
854 3348 1059 3442 beneficium
1081 3390 1153 3442 non
1170 3367 1301 3460 solum,
1325 3367 1383 3440 sed
1402 3368 1437 3436 in
1454 3369 1638 3458 proprium

289 3538 391 3612 etiam
408 3527 620 3606 eoncelliffee
648 3525 901 3618 Reges-autem
920 3489 1080 3596 debonis
1109 3523 1151 3594 ad
1168 3519 1279 3615 ipsum
1296 3541 1443 3616 regnum
1463 3521 1640 3614 pertinen-

78 3705 87 3718 ’
217 3677 220 3680 ’
288 3684 379 3758 tibus
397 3677 577 3772 disponere
595 3694 662 3768 pro
680 3671 791 3745 lubitu
806 3668 919 3764 posse,
942 3663 1101 3740 omnibus
1110 3666 1197 3758 juris
1214 3667 1342 3761 publici
1359 3667 1539 3760 principiis
1558 3687 1641 3738 con·

290 3821 472 3913 trariatu13
496 3819 617 3926 potius
643 3818 761 3920 itaque
785 3817 848 3889 alia
870 3818 1047 3916 bonorum
1076 3814 1259 3912 adquisitio
1289 3813 1465 3908 statuenda
1490 3817 1633 3894 uidetur

241 3935 274 3950 '-
287 3991 358 4066 qua
372 3947 501 4063 posita,
525 3965 582 4040 illa
600 3967 772 4040 bonorum
795 3965 954 4040 alienatio
978 3968 1018 4040 ab
1040 3965 1444 4059 injustitia-vindicetum
1470 3966 1558 4038 hanc
1576 3990 1636 4040 au-

291 4135 362 4192 tem
390 4115 574 4211 proposuit
597 4113 809 4189 dodiiffimus
832 4113 1023 4203 Bouounr
1051 4108 1105 4207 (a
1120 4109 1161 4207 ),
1200 4109 1262 4204 qui
1295 4085 1440 4185 mediam
1464 4111 1634 4208 ingressus
1697 4153 1701 4162 ·

317 4355 321 4364 ,
369 4345 373 4352 .
419 4319 423 4326 -
912 4265 917 4273 ’
1266 4271 1269 4278 ’
1359 4232 1360 4236 ¹
1528 4269 1631 4344 viam

287 4428 340 4588 pag(
357 4439 374 4478 ss
378 4429 399 4564 1)
419 4424 464 4584 'lde
489 4431 575 4494 Dran
603 4433 703 4495 Public
734 4433 767 4496 de
794 4439 822 4499 lu
854 4433 960 4496 Franco
987 4439 1095 4497 solatus·
1114 4449 1166 4510 par
1187 4439 1225 4495 les
1246 4451 1401 4495 moment
1424 4431 1455 4492 de
1480 4436 1636 4510 l'autiquits
1666 4425 1673 4434 ’

342 4544 351 4565 .
398 4544 406 4564 ·
454 4528 494 4588 qq.

1002 4643 1137 4742 &Bu
