4122 5272
462 549 511 622 m
606 538 1026 624 sancimen
1097 531 1666 616 ncnoeutouu

934 786 1034 882 =n
1110 778 1280 860 urm.

510 1026 617 1102 Hisce
639 997 789 1103 breviter
808 997 996 1122 expositis,
1022 1020 1066 1095 ad
1090 1039 1130 1094 ea
1146 987 1392 1118 [ingredimur
1416 1031 1596 1114 tempore,
1619 1015 1745 1114 quibus
1763 1016 1807 1092 ad

352 1147 356 1154 ’
389 1227 392 1234 ,
460 1171 622 1247 Comites
634 1132 636 1135 ι
647 1173 856 1246 devolutum
874 1168 1056 1261 imperium
1074 1166 1130 1240 his
1148 1166 1183 1238 in
1207 1163 1289 1236 Oris
1303 1160 1388 1234 fuit.
1415 1159 1623 1238 Vastiffimus
1642 1161 1700 1236 hic
1717 1179 1811 1258 pate·

457 1332 511 1388 ret
527 1337 695 1408 camptu,
720 1313 820 1408 fiper
837 1329 953 1385 totum
972 1285 1135 1400 ambitum
1150 1302 1265 1378 omnia
1283 1301 1389 1394 jurae
1406 1298 1607 1375 Comitibus
1626 1301 1802 1395 exercita,

460 1469 646 1564 variasque
670 1469 814 1542 subinde
834 1467 921 1539 enea
939 1485 978 1537 ea
1004 1461 1115 1537 saetas
1131 1457 1343 1533 nutaoones
1364 1475 1541 1550 exponere
1558 1455 1692 1530 animus
1709 1457 1810 1545 effer,

462 1609 649 1704 omniaque
672 1611 775 1684 dubia
802 1609 925 1686 tollere
952 1625 1143 1692 tentarem3
1168 1600 1319 1675 brevitet
1336 1617 1486 1698 tantun,
1512 1601 1550 1676 δι’
1572 1620 1741 1697 quantum
1763 1603 1809 1678 ad

459 1753 634 1825 materiam
648 1753 795 1824 nostrum
814 1753 920 1835 facit,
939 1751 1073 1820 animus
1094 1748 1141 1818 est
1155 1733 1307 1816 indicare
1321 1766 1513 1842 quousque
1528 1749 1679 1840 patuerit
1690 1749 1821 1825 Comi·

455 1915 534 1971 tum
559 1899 733 1992 potestas,
757 1915 831 1971 tum
850 1897 967 1994 quoad
996 1897 1190 2003 internam,
1222 1912 1296 1970 tum
1321 1895 1439 1989 quoad
1463 1910 1639 1971 externam
1664 1895 1807 1976 Hollan·

460 2043 538 2120 diae
562 2045 899 2120 administrationem.

505 2188 625 2266 Duces
661 2190 698 2266 dr
724 2189 909 2283 Comites,
935 2213 1087 2288 quorum
1114 2213 1213 2268 curae
1237 2191 1348 2267 totius
1364 2193 1466 2290 regni
1488 2191 1646 2268 Francici
1663 2193 1808 2270 admini-

454 2329 571 2408 stratio
592 2352 614 2404 a
636 2327 796 2428 Regibus
822 2350 894 2405 erat
925 2335 1103 2426 mandata,
1127 2355 1199 2406 non
1225 2352 1297 2406 uno
1322 2334 1519 2430 eodemque
1541 2335 1675 2431 impetu
1700 2339 1743 2411 ad
1766 2338 1805 2413 il-

461 2479 527 2553 iud
541 2479 723 2576 potentiae
747 2480 921 2578 fastigium
944 2481 1216 2578 adscenderunt,
1240 2506 1313 2580 quo
1339 2487 1511 2562 deveniiie
1532 2509 1597 2562 eos
1622 2489 1740 2583 postea
1757 2494 1809 2568 vi·

451 2625 598 2716 demus3
622 2645 747 2700 verum
769 2623 909 2720 Regum
947 2623 1194 2698 donationibus
1218 2624 1371 2698 nimium
1389 2625 1505 2720 ditati,
1532 2628 1637 2723 ipsam
1660 2630 1806 2730 Regiam

454 2773 662 2870 potestatem
701 2789 924 2846 contemnere
957 2788 1178 2866 coeperunt,
1212 2773 1330 2870 fitque
1344 2773 1472 2850 ,seniim
1496 2775 1634 2874 Regum
1659 2779 1806 2878 imperio

450 2909 520 2988 sese
542 2913 805 3006 subtrahentes,
830 2913 1001 2990 summurn
1026 2917 1164 2992 tandem
1187 2917 1374 3015 imperium
1399 2924 1462 3019 ipfi
1489 2933 1689 3008 tenuerunt

505 3063 667 3142 Comites
692 3067 819 3143 scilicet
844 3069 904 3144 sub
927 3071 1049 3167 primis
1073 3071 1286 3150 Francorum
1311 3055 1496 3184 Regibus,
1522 3087 1804 3173 administratoria

455 3223 588 3336 tantum
611 3213 817 3311 gaudebant·
838 3219 1008 3310 potestate
1039 3221 1079 3296 in
1103 3216 1338 3334 Comiraeibue
1363 3233 1453 3322 suis,
1479 3240 1563 3324 qum
1589 3237 1626 3309 dr
1649 3247 1806 3334 precario

450 3384 585 3444 tantum
609 3367 714 3442 titulo
738 3387 812 3444 eam
838 3367 1061 3466 obtinebant,
1085 3369 1133 3444 ita
1156 3387 1230 3448 uta
1255 3333 1395 3476 Regum
1430 3401 1519 3458 nutu
1542 3389 1802 3500 dependerent,

346 3596 352 3612 Ι
453 3521 509 3594 nti
531 3533 628 3613 patet
653 3539 696 3593 ex
727 3515 912 3608 Meybomt'i
935 3521 1028 3596 vind.
1063 3519 1212 3618 Belling.
1230 3521 1297 3616 fol.
1313 3547 1373 3619 40,
1399 3525 1499 3627 (a),
1526 3536 1729 3638 nullumque
1750 3568 1803 3620 ac.

449 3667 626 3764 cipiebant
656 3648 885 3762 stipendium,
910 3667 969 3743 sed
984 3693 1093 3767 quum
1117 3678 1348 3772 exgentibus
1374 3682 1548 3755 nobilibus
1571 3685 1800 3782 eligerentur,

455 3823 563 3907 multa
578 3839 770 3922 magnaque
788 3819 914 3896 allodia
931 3800 1146 3922 goffidebant
1163 3825 1269 3924 (b),
1295 3829 1428 3908 &loco
1447 3821 1806 3934 stipendii,'rro'nnu1.
1937 3803 1942 3812 Α

1745 3992 1798 4068 las

386 4217 391 4234 .
426 4175 1813 4218 .--------...,.-.............................

487 4301 557 4388 (a)
577 4307 632 4368 (δί.
655 4326 732 4370 vau
755 4311 892 4383 Loou,
917 4317 1025 4378 Aioude
1043 4318 1159 4394 Regrer.
1190 4317 1226 4382 T.
1256 4319 1277 4378 i·
1301 4332 1326 4384 a·
1351 4269 1426 4391 146¹.

488 4386 552 4473 (b)
574 4391 707 4453 Pluribus
726 4397 772 4454 boc
796 4394 887 4458 docuit
922 4399 1035 4494 lions.
1059 4399 1091 4460 de
1117 4399 1225 4488 infigni
1247 4399 1404 4482 differentia
1423 4405 1496 4464 iuter
1515 4403 1629 4465 Comites
1650 4401 1712 4482 &u
1729 4417 1799 4494 pag.
1861 4405 1865 4412 '

448 4489 500 4544 tt>-
522 4491 571 4539 11.
1542 4497 1546 4504 “
